@article{Melia:2011gk,
      author         = "Melia, Tom and Nason, Paolo and Rontsch, Raoul and
                        Zanderighi, Giulia",
      title          = "{W^+W^+ plus dijet production in the POWHEGBOX}",
      year           = "2011",
      note           = "* Temporary entry *",
      eprint         = "1102.4846",
      archivePrefix  = "arXiv",
      primaryClass   = "hep-ph",
}

@article{Melia:2010bm,
      author         = "Melia, Tom and Melnikov, Kirill and Rontsch, Raoul and
                        Zanderighi, Giulia",
      title          = "{Next-to-leading order QCD predictions for $W^+W^+jj$
                        production at the LHC}",
      journal        = "JHEP",
      volume         = "1012",
      pages          = "053",
      doi            = "10.1007/JHEP12(2010)053",
      year           = "2010",
      eprint         = "1007.5313",
      archivePrefix  = "arXiv",
      primaryClass   = "hep-ph",
}

@article{Alioli:2010xd,
      author         = "Alioli, Simone and Nason, Paolo and Oleari, Carlo and Re,
                        Emanuele",
      title          = "{A general framework for implementing NLO calculations in
                        shower Monte Carlo programs: the POWHEG BOX}",
      journal        = "JHEP",
      volume         = "1006",
      pages          = "043",
      doi            = "10.1007/JHEP06(2010)043",
      year           = "2010",
      eprint         = "1002.2581",
      archivePrefix  = "arXiv",
      primaryClass   = "hep-ph",
}

@article{Frixione:2007vw,
      author         = "Frixione, Stefano and Nason, Paolo and Oleari, Carlo",
      title          = "{Matching NLO QCD computations with Parton Shower
                        simulations: the POWHEG method}",
      journal        = "JHEP",
      volume         = "0711",
      pages          = "070",
      doi            = "10.1088/1126-6708/2007/11/070",
      year           = "2007",
      eprint         = "0709.2092",
      archivePrefix  = "arXiv",
      primaryClass   = "hep-ph",
}
