@article{Hamilton:2012rf,
      author         = "Hamilton, Keith and Nason, Paolo and Oleari, Carlo and
                        Zanderighi, Giulia",
      title          = "{Merging H/W/Z + 0 and 1 jet at NLO with no merging
                        scale: a path to parton shower + NNLO matching}",
      year           = "2012",
      eprint         = "1212.4504",
      archivePrefix  = "arXiv",
      primaryClass   = "hep-ph",
      SLACcitation   = "%%CITATION = ARXIV:1212.4504;%%",
}

@article{Campbell:2012am,
      author         = "Campbell, John M. and Ellis, R. Keith and Frederix,
                        Rikkert and Nason, Paolo and Oleari, Carlo and others",
      title          = "{NLO Higgs Boson Production Plus One and Two Jets Using
                        the POWHEG BOX, MadGraph4 and MCFM}",
      journal        = "JHEP",
      volume         = "1207",
      pages          = "092",
      doi            = "10.1007/JHEP07(2012)092",
      year           = "2012",
      eprint         = "1202.5475",
      archivePrefix  = "arXiv",
      primaryClass   = "hep-ph",
      reportNumber   = "FERMILAB-PUB-12-040-T",
      SLACcitation   = "%%CITATION = ARXIV:1202.5475;%%",
}

@article{Campbell:2013vha,
      author         = "Campbell, John M. and Ellis, R. Keith and Nason, Paolo
                        and Zanderighi, Giulia",
      title          = "{W and Z bosons in association with two jets using the
                        POWHEG method}",
      year           = "2013",
      eprint         = "1303.5447",
      archivePrefix  = "arXiv",
      primaryClass   = "hep-ph",
      SLACcitation   = "%%CITATION = ARXIV:1303.5447;%%",
}

