@article{noi,
      author         = "Melia, Tom and Nason, Paolo and Rontsch, Raoul and Zanderighi, Giulia",
}

@article{Campbell:1999ah,
      author         = "Campbell, John M. and Ellis, R.Keith",
      title          = "{An Update on vector boson pair production at hadron
                        colliders}",
      journal        = "Phys.Rev.",
      volume         = "D60",
      pages          = "113006",
      doi            = "10.1103/PhysRevD.60.113006",
      year           = "1999",
      eprint         = "hep-ph/9905386",
      archivePrefix  = "arXiv",
      primaryClass   = "hep-ph",
}
@article{Campbell:2011bn,
      author         = "Campbell, John M. and Ellis, R.Keith and Williams,
                        Ciaran",
      title          = "{Vector boson pair production at the LHC}",
      year           = "2011",
      note           = "* Temporary entry *",
      eprint         = "arXiv:1105.0020",
      archivePrefix  = "arXiv",
      primaryClass   = "hep-ph",
}

@article{Dixon:1998py,
      author         = "Dixon, Lance J. and Kunszt, Z. and Signer, A.",
      title          = "{Helicity amplitudes for O(alpha-s) production of $W^{+}
                        W^{-}$, $W^\pm Z$, $Z Z$, $W^\pm \gamma$, or $Z \gamma$
                        pairs at hadron colliders}",
      journal        = "Nucl.Phys.",
      volume         = "B531",
      pages          = "3-23",
      doi            = "10.1016/S0550-3213(98)00421-0",
      year           = "1998",
      eprint         = "hep-ph/9803250",
      archivePrefix  = "arXiv",
      primaryClass   = "hep-ph",
}
