@article{Campbell:2013vha,
      author         = "Campbell, John M. and Ellis, R. Keith and Nason, Paolo
                        and Zanderighi, Giulia",
      title          = "{W and Z bosons in association with two jets using the
                        POWHEG method}",
      year           = "2013",
      eprint         = "1303.5447",
      archivePrefix  = "arXiv",
      primaryClass   = "hep-ph",
      SLACcitation   = "%%CITATION = ARXIV:1303.5447;%%",
}


@article{Melia:2011gk,
      author         = "Melia, Tom and Nason, Paolo and Rontsch, Raoul and
                        Zanderighi, Giulia",
      title          = "{W^+W^+ plus dijet production in the POWHEGBOX}",
      journal        = "Eur.Phys.J.",
      volume         = "C71",
      pages          = "1670",
      doi            = "10.1140/epjc/s10052-011-1670-x",
      year           = "2011",
      eprint         = "1102.4846",
      archivePrefix  = "arXiv",
      primaryClass   = "hep-ph",
      SLACcitation   = "%%CITATION = ARXIV:1102.4846;%%",
}




@article{Hamilton:2012np,
      author         = "Hamilton, Keith and Nason, Paolo and Zanderighi, Giulia",
      title          = "{MINLO: Multi-Scale Improved NLO}",
      journal        = "JHEP",
      volume         = "1210",
      pages          = "155",
      doi            = "10.1007/JHEP10(2012)155",
      year           = "2012",
      eprint         = "1206.3572",
      archivePrefix  = "arXiv",
      primaryClass   = "hep-ph",
      reportNumber   = "CERN-PH-TH-2012-166, OUTP-12-11P, MCNET-12-07",
      SLACcitation   = "%%CITATION = ARXIV:1206.3572;%%",
}


@article{Nason:2013uba,
      author         = "Nason, Paolo and Oleari, Carlo",
      title          = "{Generation cuts and Born suppression in POWHEG}",
      year           = "2013",
      eprint         = "1303.3922",
      archivePrefix  = "arXiv",
      primaryClass   = "hep-ph",
      SLACcitation   = "%%CITATION = ARXIV:1303.3922;%%",
}
