@article{noi,
      author         = "Campbell, John and Ellis, R. Keith and Frederix, Rikkert and Nason, Paolo and Oleari, Carlo and Williams, Ciaran",
}
